<?xml version="1.0" encoding="UTF-8"?>
<collection xmlns="http://www.loc.gov/MARC21/slim" xmlns:xsi="http://www.w3.org/2001/XMLSchema-instance" xmlns:marc="http://www.loc.gov/MARC21/slim" xsi:schemaLocation="http://www.loc.gov/MARC21/slim http://www.loc.gov/standards/marcxml/schema/MARC21slim.xsd">
   <record>
      <marc:leader>01326cas a2200361 a 4500</marc:leader>
      <marc:controlfield tag="001">1112475</marc:controlfield>
      <marc:controlfield tag="005">20140602103631.0</marc:controlfield>
      <marc:controlfield tag="007">hduafb---baca</marc:controlfield>
      <marc:controlfield tag="008">970122d18901893fr sr p a     0uuu 0fre d</marc:controlfield>
      <marc:datafield tag="010" ind1=" " ind2=" ">
         <marc:subfield code="a">sn 88022638  </marc:subfield>
      </marc:datafield>
      <marc:datafield tag="035" ind1=" " ind2=" ">
         <marc:subfield code="a">(OCoLC)4886080</marc:subfield>
      </marc:datafield>
      <marc:datafield tag="035" ind1=" " ind2=" ">
         <marc:subfield code="a">(CStRLIN)NJPG97-S155</marc:subfield>
      </marc:datafield>
      <marc:datafield tag="035" ind1=" " ind2=" ">
         <marc:subfield code="9">CCK6573TS</marc:subfield>
      </marc:datafield>
      <marc:datafield tag="040" ind1=" " ind2=" ">
         <marc:subfield code="a">InU</marc:subfield>
         <marc:subfield code="c">InU</marc:subfield>
         <marc:subfield code="d">ICA</marc:subfield>
         <marc:subfield code="d">NjP</marc:subfield>
      </marc:datafield>
      <marc:datafield tag="042" ind1=" " ind2=" ">
         <marc:subfield code="a">msc</marc:subfield>
      </marc:datafield>
      <marc:datafield tag="043" ind1=" " ind2=" ">
         <marc:subfield code="a">e-fr---</marc:subfield>
      </marc:datafield>
      <marc:datafield tag="245" ind1="0" ind2="0">
         <marc:subfield code="a">Entretiens politiques &amp; littéraires.</marc:subfield>
      </marc:datafield>
      <marc:datafield tag="246" ind1="1" ind2="0">
         <marc:subfield code="a">Entretiens politiques et littéraires</marc:subfield>
      </marc:datafield>
      <marc:datafield tag="260" ind1=" " ind2=" ">
         <marc:subfield code="a">Paris :</marc:subfield>
         <marc:subfield code="b">Librairie de l'art indépendant,</marc:subfield>
         <marc:subfield code="c">1890-1893.</marc:subfield>
      </marc:datafield>
      <marc:datafield tag="300" ind1=" " ind2=" ">
         <marc:subfield code="a">57 v. ;</marc:subfield>
         <marc:subfield code="c">19 cm.</marc:subfield>
      </marc:datafield>
      <marc:datafield tag="310" ind1=" " ind2=" ">
         <marc:subfield code="a">Semimonthly,</marc:subfield>
         <marc:subfield code="b">1893</marc:subfield>
      </marc:datafield>
      <marc:datafield tag="321" ind1=" " ind2=" ">
         <marc:subfield code="a">Monthly,</marc:subfield>
         <marc:subfield code="b">1890-1892</marc:subfield>
      </marc:datafield>
      <marc:datafield tag="362" ind1="0" ind2=" ">
         <marc:subfield code="a">No 1 (1er avr. 1890)-no 57 (25 déc. 1893).</marc:subfield>
      </marc:datafield>
      <marc:datafield tag="515" ind1=" " ind2=" ">
         <marc:subfield code="a">No 1-no 33 called also 1ère année-3e année; no 10-no 57 called also t. 2-t. 7.</marc:subfield>
      </marc:datafield>
      <marc:datafield tag="533" ind1=" " ind2=" ">
         <marc:subfield code="a">Microfilm.</marc:subfield>
         <marc:subfield code="b">New Haven, Conn. :</marc:subfield>
         <marc:subfield code="c">Research Publications.</marc:subfield>
         <marc:subfield code="d">1972.</marc:subfield>
         <marc:subfield code="e">2 microfilm reels ; 35 mm.</marc:subfield>
         <marc:subfield code="f">(Fin-de-siècle)</marc:subfield>
         <marc:subfield code="7">d18901893ctuuua</marc:subfield>
      </marc:datafield>
      <datafield tag="599" ind1=" " ind2=" ">
         <subfield code="a">ark:/88435/jw827f322</subfield>
         <subfield code="b">bmtnaas_1890-07-01_01</subfield>
         <subfield code="v">vol.1,no.4 1890-07-01</subfield>
      </datafield>
      <marc:datafield tag="650" ind1=" " ind2="0">
         <marc:subfield code="a">Symbolism (Literary movement)</marc:subfield>
         <marc:subfield code="v">Periodicals.</marc:subfield>
      </marc:datafield>
      <marc:datafield tag="650" ind1=" " ind2="0">
         <marc:subfield code="a">French literature</marc:subfield>
         <marc:subfield code="y">19th century</marc:subfield>
         <marc:subfield code="v">Periodicals.</marc:subfield>
      </marc:datafield>
      <marc:datafield tag="830" ind1=" " ind2="0">
         <marc:subfield code="a">Fin-de-siècle.</marc:subfield>
      </marc:datafield>
      <marc:datafield tag="856" ind1="4" ind2="1">
         <marc:subfield code="u">http://arks.princeton.edu/ark:/88435/kw52j944j</marc:subfield>
      </marc:datafield>
      <marc:datafield tag="998" ind1=" " ind2=" ">
         <marc:subfield code="a">01/22/97</marc:subfield>
         <marc:subfield code="s">9910</marc:subfield>
         <marc:subfield code="n">NjP</marc:subfield>
         <marc:subfield code="w">DCLCSN8822638S</marc:subfield>
         <marc:subfield code="d">01/22/97</marc:subfield>
         <marc:subfield code="c">SKJ</marc:subfield>
         <marc:subfield code="b">SJ</marc:subfield>
         <marc:subfield code="i">970122</marc:subfield>
         <marc:subfield code="l">NJPG</marc:subfield>
      </marc:datafield>
      <marc:datafield tag="948" ind1=" " ind2=" ">
         <marc:subfield code="a">con</marc:subfield>
      </marc:datafield>
      <marc:datafield tag="911" ind1=" " ind2=" ">
         <marc:subfield code="a">19970130</marc:subfield>
      </marc:datafield>
      <marc:datafield tag="912" ind1=" " ind2=" ">
         <marc:subfield code="a">19970207055322.0</marc:subfield>
      </marc:datafield>
   </record>
</collection>
